<record><leader>00000cas a2200000 a 4500</leader><controlfield tag="001">15153584</controlfield><controlfield tag="008">870205d186u18uukyuwr ne      0    0eng d</controlfield><datafield ind1=" " ind2=" " tag="010"><subfield code="a">sn 87060054 </subfield></datafield><datafield ind1=" " ind2=" " tag="040"><subfield code="a">KNP</subfield><subfield code="b">eng</subfield><subfield code="c">KNP</subfield><subfield code="d">OCL</subfield><subfield code="d">OCLCQ</subfield><subfield code="d">OCLCF</subfield><subfield code="d">OCLCO</subfield></datafield><datafield ind1=" " ind2=" " tag="042"><subfield code="a">msc</subfield></datafield><datafield ind1=" " ind2=" " tag="043"><subfield code="a">n-us-ky</subfield></datafield><datafield ind1="0" ind2="4" tag="245"><subfield code="a">The Hancock messenger.</subfield></datafield><datafield ind1=" " ind2=" " tag="260"><subfield code="a">Hawesville, Ky. :</subfield><subfield code="b">R.M. Wilson</subfield></datafield><datafield ind1=" " ind2=" " tag="300"><subfield code="a">v. :</subfield><subfield code="b">ill.</subfield></datafield><datafield ind1=" " ind2=" " tag="310"><subfield code="a">Weekly</subfield></datafield><datafield ind1=" " ind2=" " tag="515"><subfield code="a">The first page of v. 2, no. 16 (Sept. 18, 1869) is reprinted in the Hancock clarion 75th anniversary ed.</subfield></datafield><datafield ind1=" " ind2=" " tag="588"><subfield code="a">Description based on: Vol. 2, no. 3 (Oct. 20, 1866).</subfield></datafield><datafield ind1=" " ind2="0" tag="651"><subfield code="a">Hancock County (Ky.)</subfield><subfield code="v">Newspapers.</subfield></datafield><datafield ind1=" " ind2="0" tag="651"><subfield code="a">Hawesville (Ky.)</subfield><subfield code="v">Newspapers.</subfield></datafield><datafield ind1=" " ind2="7" tag="655"><subfield code="a">Newspapers.</subfield><subfield code="2">fast</subfield><subfield code="0">(OCoLC)fst01423814</subfield></datafield><datafield ind1=" " ind2="7" tag="651"><subfield code="a">Kentucky</subfield><subfield code="z">Hancock County.</subfield><subfield code="2">fast</subfield><subfield code="0">(OCoLC)fst01224650</subfield></datafield><datafield ind1=" " ind2="7" tag="651"><subfield code="a">Kentucky</subfield><subfield code="z">Hawesville.</subfield><subfield code="2">fast</subfield><subfield code="0">(OCoLC)fst01252804</subfield></datafield><datafield ind1=" " ind2=" " tag="752"><subfield code="a">United States</subfield><subfield code="b">Kentucky</subfield><subfield code="c">Hancock</subfield><subfield code="d">Hawesville.</subfield></datafield><datafield ind1="1" ind2=" " tag="787"><subfield code="t">Hancock clarion</subfield><subfield code="w">(DLC)sn 86069319</subfield><subfield code="w">(OCoLC)13918506</subfield></datafield></record>